<?xml version="1.0" encoding="UTF-8"?><collection xmlns="http://www.loc.gov/MARC21/slim"><record><leader>00571nam--2200193-i-4500</leader><controlfield tag="001">000042763</controlfield><controlfield tag="002">20161230</controlfield><controlfield tag="005">20161230201043</controlfield><controlfield tag="008">060222s1000------------r-----000-0-eng-d</controlfield><datafield ind1=" " ind2=" " tag="040"><subfield code="a">IFIN-HH</subfield></datafield><datafield ind1=" " ind2=" " tag="080"><subfield code="a">536.7</subfield></datafield><datafield ind1="1" ind2=" " tag="100"><subfield code="a">Warowny, Witold</subfield></datafield><datafield ind1="1" ind2="0" tag="245"><subfield code="a">The second cross virial coefficients of gaseous mixtures</subfield><subfield code="c">Witold warowny; jan stecki</subfield></datafield><datafield ind1=" " ind2=" " tag="260"><subfield code="a">Warszawa</subfield><subfield code="b">Polish Academy Of Sciences</subfield><subfield code="c">1979</subfield></datafield><datafield ind1=" " ind2=" " tag="300"><subfield code="a">XVI + 283 P</subfield></datafield><datafield ind1=" " ind2=" " tag="490"><subfield code="a">Thermodynamical Data For Technology Series A</subfield></datafield><datafield ind1="1" ind2=" " tag="700"><subfield code="a">Stecki, Jan</subfield></datafield><datafield ind1=" " ind2=" " tag="852"><subfield code="a">48386</subfield><subfield code="c">536.7</subfield></datafield><datafield ind1=" " ind2=" " tag="CAT"><subfield code="a">Sys</subfield><subfield code="c">20110531</subfield><subfield code="h">152508</subfield></datafield></record></collection>